<?xml version="1.0" encoding="UTF-8"?><collection><record><leader>09614ntm a2200697 a 4500</leader><controlfield tag="001">006782183</controlfield><controlfield tag="003">MiAaHDL</controlfield><controlfield tag="005">20190719000000.0</controlfield><controlfield tag="006">m        d        </controlfield><controlfield tag="007">cr bn ---auaua</controlfield><controlfield tag="008">090519s1767    tu            00| ||ara d</controlfield><datafield tag="035" ind1=" " ind2=" "><subfield code="a">(MiU)006782183</subfield></datafield><datafield tag="035" ind1=" " ind2=" "><subfield code="a">sdr-miu006782183</subfield></datafield><datafield tag="040" ind1=" " ind2=" "><subfield code="a">MiU</subfield><subfield code="c">MiU</subfield><subfield code="e">amremm</subfield></datafield><datafield tag="043" ind1=" " ind2=" "><subfield code="a">n-us-mi</subfield></datafield><datafield tag="100" ind1="0" ind2=" "><subfield code="6">880-01</subfield><subfield code="a">Muḥammad ibn Ismāʻīl al-Rayhānī al-Rūmī,</subfield><subfield code="d">d. 1745?</subfield></datafield><datafield tag="245" ind1="1" ind2="0"><subfield code="6">880-03</subfield><subfield code="a">Muntij al-barakāt ʻalá Dalāʼil al-khayrāt,</subfield><subfield code="f">[1180, i.e. 1767].</subfield></datafield><datafield tag="246" ind1="3" ind2=" "><subfield code="i">Title from inscription on 'title page' (p.5):</subfield><subfield code="a">شرح دلائل</subfield></datafield><datafield tag="246" ind1="3" ind2=" "><subfield code="i">Title from inscription on front flyleaf (p.3):</subfield><subfield code="a">دلائل شرحى منتج البركات</subfield></datafield><datafield tag="246" ind1="3" ind2=" "><subfield code="i">Edge title (tail):</subfield><subfield code="a">منتج البركات على الدلائل</subfield></datafield><datafield tag="260" ind1=" " ind2=" "><subfield code="a">[Istanbul,</subfield><subfield code="c">1767].</subfield></datafield><datafield tag="300" ind1=" " ind2=" "><subfield code="a">230 leaves :</subfield><subfield code="b">paper ;</subfield><subfield code="c">217 x 155 (159 x 57) mm.</subfield></datafield><datafield tag="500" ind1=" " ind2=" "><subfield code="a">Shelfmark: Ann Arbor, University of Michigan, Special Collections Library, Isl. Ms. 525</subfield></datafield><datafield tag="500" ind1=" " ind2=" "><subfield code="a">Origin: As appears in colophon on pp.448-449, copied in Istanbul (Hoca Paşa school) by al-Sayyid Nūḥ ibn al-Sayyid Muḥammad Qūrīchāy (Nuh b. Mehmet Kuriçay). He began the transcription ("qad waqaʻa al-farāgh ʻan taḥrīr hādhihi al-nuskhah al-sharīfah ... badaʼtu bi-kitābatihi [sic]...") in Shaʻbān and completed the transcription (as well as read the copy in the Ayasofya) 11 Shawwāl 1180 [ca. 12 March 1767]. As appears in the ijāzah (certificate of audition) on pp.454-455 dated 1 Muḥarram 1181 [ca. 30 May 1767], the copyist studied the work in the Ayasofya with ʻUmar ibn Muṣṭafá al-Arzanjānī (Ömer b. Mustafa el-Erzincanî, عمر بن مصطفى الارزنجاني) who corrected and authorized his copy for reading/recitation (تلاوة), teaching (تدريس) and further authorized transmission (اجازة).</subfield></datafield><datafield tag="500" ind1=" " ind2=" "><subfield code="a">Accompanying materials: a. Acquisitions slip from Yahuda (paginated pp.1-2).</subfield></datafield><datafield tag="500" ind1=" " ind2=" "><subfield code="a">Former shelfmark: From inner front cover and spine label, "IL 364a" (likely supplied by Yahuda, see acquisitions slip).</subfield></datafield><datafield tag="500" ind1=" " ind2=" "><subfield code="a">Binding: Pasteboards covered in bright yellow-tinted paper with black and brown leathers over spine and fore edge flap ; Type II binding (with flap) ; board linings in untinted laid paper ; sewn in dark brown thread, two stations, many loose gatherings ; overall in poor condition with much abrasion, pest damage, lifting and losses of paper, pasteboard, and leather (particularly fore edge flap), upper cover detaching, spine slant, fore edge flap far too small, etc.</subfield></datafield><datafield tag="500" ind1=" " ind2=" "><subfield code="a">Support: European laid paper in several types ; opening type with 11-12 laid lines per cm. (vertical), chain lines spaced 24-25 mm. apart (horizontal), and watermarks including grapes (raisin) with crown (see p.12, 17, etc.) and "...EN DAUPHANE..." (see p.10, 19, etc.), crisp, thin and transluscent, dark cream in color ; another type with 10 laid lines per cm. (vertical), chain lines spaced 25 mm. apart (horizontal), and watermarks including grapes (see p.82) and "A LERISOV EN ROUERGUE ... MOYEN" (see p.74, 75, 77 etc.) ; another type with 11 laid lines per cm. (vertical), chain lines spaced 24 mm. apart (horizontal), and crown with scrollwork [?] watermark (see p.94, 95, etc.) ; all well-burnished to glossy with burnisher's marks visible (in p.12 it looks as though surface size may have been caught up) ; some staining and tide lines.</subfield></datafield><datafield tag="500" ind1=" " ind2=" "><subfield code="a">Decoration: Keywords and text being commented upon rubricated (orange-red) through p.85, elsewhere overlined in red ; some rubrics have been written over in black ink (see p.45) ; basmalah at opening (p.6) flanked by 'gold' accents to form a very simple illuminated headpiece ; written area of incipit and facing page surrounded by 'gold' frame (now to green, possibly verdigris), written area elsewhere surrounded by orange-red rule-border.</subfield></datafield><datafield tag="500" ind1=" " ind2=" "><subfield code="a">Script: Naskh ; perhaps three clear Turkish and Persianate hands ; main text in a clear naskh, virtually serifless, with very slight effect of words descending to basline, slight effect of tilt to the left (or right), and partially vocalized ; closing prayers appear to be supplied in a different hand ; ijāzah supplied in still a different hand.</subfield></datafield><datafield tag="500" ind1=" " ind2=" "><subfield code="a">Layout: Written in 23 lines per page ; frame-ruled (impression of ruling board evident).</subfield></datafield><datafield tag="500" ind1=" " ind2=" "><subfield code="a">Collation: i, 10 V(100), V+1 (111), 11 V(221), IV+1 (230) ; chiefly quinions ; final leaves left blank ; lacks proper catchwords but last word of final line on the verso of each leaf is usually repeated at the beginning of the first line on the following recto ; pagination in pencil, Western numerals, supplied during digitization (includes inserts and flyleaves and mistakenly skips two pages each between pp.213-214 and pp.333-334).</subfield></datafield><datafield tag="500" ind1=" " ind2=" "><subfield code="a">Colophon: "Scribal," triangular, reads "قد وقع الفراغ عن تحرير هذه النسخة الشريفة من مؤلف النسخة التي الفها ركبت بيدها [كذا] في اسلامبول بمدرسۀ خوجه پاشا بدأت بكتابته [كذا] في شهر شعبان ويسر لي اتمامه في شهر سوال في ليلة احد عشر ليلة الاربعا وقرأتها مع الدرس في ايا صوفيۀ كبير كلها في سنة ثمنانون ومائة والف وانا الفقير المحتاج الى رب الكريم الغفار السيد نوح بن السيد محمد قوريچاي ايالة ارض روم اوقيانى دكلينى يازنى رحمتكله ... تمت الكتاب بعون الله الملك الوهاب"</subfield></datafield><datafield tag="500" ind1=" " ind2=" "><subfield code="a">Explicit: "وزيد في بعض النسخ والحمد لله رب العالمين ولا بأس بها وزاد في بعض النسخ وهو حسبنا ونعم الوكيل ولا حول ولا قوة الا بالله العلي العظيم انتهى وهذا اخر ما تيسرجمعه بعون الله تعالى من شرح الفاسي وغيره مما اخذته عن المشايخ الكرام وما سمحت به القريحة بفتح الفتاح"</subfield></datafield><datafield tag="500" ind1=" " ind2=" "><subfield code="a">Incipit: "الحمد لله المتفضل بصلاته المنعمة بافضل واكمل صلاته على خير انبيائه ...وبعد فان المهمات العلية والمطالب السنية والمقاصد المرضية البرية الصلاة والسلام على الذات المحمدية ... وقد كان الوافي بهذا الشأن الكافي لاهل العرفان الجامع لانواع الصلاة على سيد الكائنات وما ورد فيها من الكيفيات كتاب دلائل الخيرات المنسوب الى قطب زمانه وفريد اوانه ابو عبد الله محمد بن سليمان الجزولي ... فالتمس مني بعض ذوي الكمال ان اشرحه شرحا ... وسميته لتاريخه [؟] منتج البركات على دلائل الخيرات ..."</subfield></datafield><datafield tag="500" ind1=" " ind2=" "><subfield code="a">Title from opening matter (p.9).</subfield></datafield><datafield tag="500" ind1=" " ind2=" "><subfield code="a">Ms. codex.</subfield></datafield><datafield tag="505" ind1="0" ind2=" "><subfield code="a">5. p.456-p.460 : [blank].</subfield></datafield><datafield tag="505" ind1="0" ind2=" "><subfield code="a">4. p. p.454-p.455 : [ijāzah for the copyist].</subfield></datafield><datafield tag="505" ind1="0" ind2=" "><subfield code="a">3. p.453 : [blank].</subfield></datafield><datafield tag="505" ind1="0" ind2=" "><subfield code="a">2. p.449-p.452 : [closing prayers].</subfield></datafield><datafield tag="505" ind1="0" ind2=" "><subfield code="a">1. p.6-p.449 : Muntij al-barakāt ʻalá Dalāʼil al-khayrāt / Muḥammad ibn Ismāʻīl al-Rayhānī al-Rūmī.</subfield></datafield><datafield tag="510" ind1="4" ind2=" "><subfield code="a">Baghdādī, Ismāʻīl Bāshā. Hadīyat al-ʻārifīn,</subfield><subfield code="c">6 / 328</subfield></datafield><datafield tag="510" ind1="4" ind2=" "><subfield code="a">Broceklmann, C. GAL,</subfield><subfield code="c">S II 360 ; II 252</subfield></datafield><datafield tag="520" ind1="8" ind2=" "><subfield code="a">Fine copy of the commentary by Muḥammad ibn Ismāʻīl al-Rayhānī (al-Rīḥānī) al-Rūmī (d.1745?) on al-Jazūlī’s (d.1465) celebrated collection of prayers for the Prophet, Dalāʼil al-khayrāt, followed by closing prayers and an ijāzah for the copyist.</subfield></datafield><datafield tag="538" ind1=" " ind2=" "><subfield code="a">Mode of access: Internet.</subfield></datafield><datafield tag="541" ind1=" " ind2=" "><subfield code="a">Acquired in 1926 from the bookseller Isaac Benjamin S.E. Yahuda via purchase transacted on his behalf by Abraham Shalom Yahuda (1877-1951), his younger brother.</subfield></datafield><datafield tag="546" ind1=" " ind2=" "><subfield code="a">Arabic.</subfield></datafield><datafield tag="561" ind1=" " ind2=" "><subfield code="a">Ownership (purchase) statement on front flyleaf (p.3) in name of Maḥmūd al-Ruwayʻī al-Iskandarānī reads "بالشراء الشرعي للعبد الضعيف الحاج محمود الرويعي الاسكندراني عفا الله عنه بمنه" ; on pp.454-455 certificate of audition (ijāzah) for the copyist authorized by ʻUmar ibn Muṣṭafá al-Arzanjānī, accompanied by his seal (octagonal), and dated 1 Muḥarram 1181 [ca. 30 May 1767] ; marginal glosses and corrections.</subfield></datafield><datafield tag="600" ind1="0" ind2="0"><subfield code="a">Muḥammad,</subfield><subfield code="c">Prophet,</subfield><subfield code="d">-632</subfield><subfield code="v">Early works to 1800.</subfield></datafield><datafield tag="600" ind1="1" ind2="0"><subfield code="a">Jazūlī, Muḥammad ibn Sulaymān,</subfield><subfield code="d">d. 1465.</subfield><subfield code="t">Dalāʼil al-khayrāt wa-shawāriq al-anwār fī dhikr al-ṣalāh ʻalá al-Nabī al-mukhtār.</subfield></datafield><datafield tag="650" ind1=" " ind2="0"><subfield code="a">Manuscripts, Arabic</subfield><subfield code="z">Michigan</subfield><subfield code="z">Ann Arbor.</subfield></datafield><datafield tag="650" ind1=" " ind2="0"><subfield code="a">Sufism</subfield><subfield code="v">Prayers and devotions</subfield><subfield code="v">Early works to 1800.</subfield></datafield><datafield tag="650" ind1=" " ind2="0"><subfield code="a">Islam</subfield><subfield code="v">Prayers and devotions</subfield><subfield code="v">Early works to 1800.</subfield></datafield><datafield tag="700" ind1="1" ind2="2"><subfield code="6">880-05</subfield><subfield code="a">Maḥmūd al-Ruwayʻī al-Iskandarānī,</subfield><subfield code="e">former owner.</subfield></datafield><datafield tag="700" ind1="1" ind2="2"><subfield code="6">880-04</subfield><subfield code="a">Nūḥ ibn Muḥammad Qūrīchāy,</subfield><subfield code="d">fl. 1767,</subfield><subfield code="e">scribe.</subfield></datafield><datafield tag="773" ind1="0" ind2=" "><subfield code="a">Yahuda Collection.</subfield></datafield><datafield tag="880" ind1="1" ind2="2"><subfield code="6">700-05/</subfield><subfield code="a">محمود الرويعي الاسكندراني،</subfield><subfield code="e">مالك سابق.</subfield></datafield><datafield tag="880" ind1="1" ind2="2"><subfield code="6">700-04/</subfield><subfield code="a">نوح بن محمد قوريچاي،</subfield><subfield code="e">ناسخ.</subfield></datafield><datafield tag="880" ind1="1" ind2="0"><subfield code="6">245-03/</subfield><subfield code="a">منتج البركات على دلائل الخيرات،</subfield><subfield code="f">[1180ه، 1767م].</subfield></datafield><datafield tag="880" ind1="0" ind2=" "><subfield code="6">100-01/</subfield><subfield code="a">محمد بن اسماعيل الريحاني الرومي.</subfield></datafield><datafield tag="CID" ind1=" " ind2=" "><subfield code="a">006782183</subfield></datafield><datafield tag="DAT" ind1="0" ind2=" "><subfield code="a">20190719102635.0</subfield><subfield code="b">20190719000000.0</subfield></datafield><datafield tag="DAT" ind1="1" ind2=" "><subfield code="a">20190719090653.0</subfield><subfield code="b">2019-07-19T16:11:26Z</subfield></datafield><datafield tag="DAT" ind1="2" ind2=" "><subfield code="a">2015-10-10T18:00:06Z</subfield></datafield><datafield tag="CAT" ind1=" " ind2=" "><subfield code="a">SDR-MIU</subfield><subfield code="d">EX LIBRIS - ALEPH</subfield><subfield code="l">prepare.pl-004-008</subfield></datafield><datafield tag="FMT" ind1=" " ind2=" "><subfield code="a">BK</subfield></datafield><datafield tag="HOL" ind1=" " ind2=" "><subfield code="0">sdr-miu006782183</subfield><subfield code="a">MiU</subfield><subfield code="b">SDR</subfield><subfield code="c">MIU</subfield><subfield code="p">mdp.39015079125608</subfield><subfield code="s">MIU</subfield><subfield code="1">006782183</subfield></datafield><datafield tag="974" ind1=" " ind2=" "><subfield code="b">MIU</subfield><subfield code="c">MIU</subfield><subfield code="d">20190719</subfield><subfield code="s">lit-dlps-dc</subfield><subfield code="u">mdp.39015079125608</subfield><subfield code="y">1767</subfield><subfield code="r">pd</subfield><subfield code="q">bib</subfield><subfield code="t">non-US bib date1 &lt; 1879</subfield></datafield></record></collection>